@article{patterson:2008,
  author = {Patterson, D.A.},
  title = {Technical Perspective: The Data Center is the Computer},
  year = {2005},
  journal = {Communications of the ACM},
  volume = {51},
  number = {1},
  pages = {105}}

@article{ghemawat:2003,
  author = {Ghemata, S. and Gobioff, H. and Leung, S.T.},
  title = {The Google File System},
  journal = {The 19th Symposium of Operating Systems Principles},
  pages = {29--43},
  year = {2003}}

@article{dean:2004,
  author = {Dean, J. and Ghemawat, S.},
  title = {MapReduce: Simplified Data Processing on Large Clusters},
  journal = {OSDI '04},
  pages = {10},
  year = {2004}}